
@book{lesaffre_bayesian_2012,
	address = {Chichester, West Sussex},
	edition = {1 edition},
	title = {Bayesian {Biostatistics}},
	isbn = {978-0-470-01823-1},
	language = {English},
	publisher = {Wiley},
	author = {Lesaffre, Emmanuel and Lawson, Andrew B.},
	month = aug,
	year = {2012}
}

@book{fruhwirth-schnatter_finite_2013,
	edition = {2006 edition},
	title = {Finite {Mixture} and {Markov} {Switching} {Models}},
	language = {English},
	publisher = {Springer},
	author = {Fr√ºhwirth-Schnatter, Sylvia},
	month = apr,
	year = {2013}
}